<?xml version="1.0" encoding="UTF-8"?><collection xmlns="http://www.loc.gov/MARC21/slim"><record><leader>00658nam--2200181-i-4500</leader><controlfield tag="001">000014742</controlfield><controlfield tag="002">20161230</controlfield><controlfield tag="005">20161230201031</controlfield><controlfield tag="008">060222s1000------------r-----000-0-eng-d</controlfield><datafield ind1=" " ind2=" " tag="040"><subfield code="a">IFIN-HH</subfield></datafield><datafield ind1=" " ind2=" " tag="080"><subfield code="a">537.222.22</subfield></datafield><datafield ind1=" " ind2="1" tag="100"><subfield code="a">Bonch-bruyevich, V.L</subfield></datafield><datafield ind1="1" ind2="0" tag="245"><subfield code="a">The electronic theory of heavily doped semiconductors</subfield><subfield code="b">Translated by scripta technica, inc</subfield><subfield code="c">V.l. bonch-bruyevich</subfield></datafield><datafield ind1=" " ind2=" " tag="260"><subfield code="a">New York,, 1966</subfield><subfield code="b">American Elsevier Publishing Company Inc</subfield><subfield code="c">1966</subfield></datafield><datafield ind1=" " ind2=" " tag="300"><subfield code="a">VII + 131 P</subfield></datafield><datafield ind1=" " ind2=" " tag="500"><subfield code="a">Titlul Original In Limba Rusa: Voprosi Elecktronnoi Teorii Sil'No Legirovannikh Poluprovodnikov</subfield></datafield><datafield ind1=" " ind2=" " tag="852"><subfield code="a">75282</subfield><subfield code="c">537.311.33</subfield></datafield><datafield ind1=" " ind2=" " tag="CAT"><subfield code="a">Sys</subfield><subfield code="c">20110801</subfield><subfield code="h">152622</subfield></datafield></record></collection>